<?xml version="1.0" encoding="UTF-8"?><collection xmlns="http://www.loc.gov/MARC21/slim"><record><leader>00321nam--2200133-i-4500</leader><controlfield tag="001">000042130</controlfield><controlfield tag="002">20161230</controlfield><controlfield tag="005">20161230201043</controlfield><controlfield tag="008">060222s1000------------r-----000-0-eng-d</controlfield><datafield ind1=" " ind2=" " tag="080"><subfield code="a">546.3</subfield></datafield><datafield ind1=" " ind2=" " tag="100"><subfield code="a">Sokol`Skaya,L.I</subfield></datafield><datafield ind1=" " ind2=" " tag="245"><subfield code="a">Gases in light metals</subfield></datafield><datafield ind1=" " ind2=" " tag="260"><subfield code="a">Oxford, Pergamon Press, 1961. Vii + 142 P</subfield></datafield><datafield ind1=" " ind2=" " tag="852"><subfield code="a">76833</subfield></datafield></record></collection>